
@book{schatten_best_2010,
	address = {Heidelberg},
	title = {Best {Practice} {Software}-{Engineering}},
	isbn = {978-3-8274-2486-0 978-3-8274-2487-7},
	url = {http://link.springer.com/10.1007/978-3-8274-2487-7},
	language = {de},
	urldate = {2024-03-18},
	publisher = {Spektrum Akademischer Verlag},
	author = {Schatten, Alexander and Demolsky, Markus and Winkler, Dietmar and Biffl, Stefan and Gostischa-Franta, Erik and Östreicher, Thomas},
	year = {2010},
	doi = {10.1007/978-3-8274-2487-7},
	keywords = {Architektur, Entwicklung, Entwurf, Entwurfsmuster, Framework, Komponente, Modellierung, Projektmanagement, Qualitätssicherung, Software, Software-Architektur, Software-Entwicklung, Softwarearchitektur, Unified Modeling Language (UML), Vorgehensmodell},
	file = {Full Text PDF:C\:\\Users\\isabe\\Zotero\\storage\\F2H9U6CI\\Schatten et al. - 2010 - Best Practice Software-Engineering.pdf:application/pdf},
}

@book{kleuker_qualitatssicherung_2019,
	address = {Wiesbaden},
	title = {Qualitätssicherung durch {Softwaretests}: {Vorgehensweisen} und {Werkzeuge} zum {Testen} von {Java}-{Programmen}},
	isbn = {978-3-658-24885-7 978-3-658-24886-4},
	shorttitle = {Qualitätssicherung durch {Softwaretests}},
	url = {http://link.springer.com/10.1007/978-3-658-24886-4},
	language = {de},
	urldate = {2024-03-18},
	publisher = {Springer Fachmedien},
	author = {Kleuker, Stephan},
	year = {2019},
	doi = {10.1007/978-3-658-24886-4},
	keywords = {Behaviour-Driven Development, Grundlagen, JUnit 5, Lasttest, Methoden, Open Source, Performancetest, Praxis, Qualitätsmanagement, Qualitätssicherung Buch, Qualitätssicherung durch Softwaretests, Softwaretest Buch, Stephan Kleuker, Systeme, Testarchitektur, Testautomatisierung, Testverfahren, Testwerkzeuge, Unit-Test, Verfahren},
	file = {Full Text PDF:C\:\\Users\\isabe\\Zotero\\storage\\K3KGWWIX\\Kleuker - 2019 - Qualitätssicherung durch Softwaretests Vorgehensw.pdf:application/pdf},
}

@book{westphal_testgetriebene_2006,
	address = {Heidelberg},
	edition = {1},
	title = {Testgetriebene {Entwickung} mit {JUnit} \& {FIT}: {Wie} {Software} änderbar bleibt},
	isbn = {3-89864-220-8},
	shorttitle = {Testgetriebene {Entwickung} mit {JUnit} \& {FIT}},
	abstract = {Testgetriebene Entwicklung geht von einem fehlschlagenden Test aus. Software wird in kleinen sicheren Schritten entwickelt, die abwechselnd darauf abzielen, eine neue Anforderung zu implementieren (den fehlschlagenden Test also zu erfüllen) und das Design zu verbessern (und dabei weiterhin alle Tests zu bestehen). - Wenn frühes und häufiges Testen wichtig ist, warum schreiben wir nicht für jedes neue Feature zuerst einen automatisierten Test? So können wir während der Entwicklung jederzeit unsere Tests ausführen und lernen, ob unser Code wie gewünscht funktioniert. - Wenn Design wichtig ist, warum investieren wir dann nicht Tag für Tag darin? So können wir dafür sorgen, dass es möglichst einfach bleibt und nicht mit der Zeit zunehmend degeneriert. - Wenn Anforderungsdefinition wichtig ist, warum ermöglichen wir unseren Kunden dann nicht, in einem ausführbaren Anforderungsdokument Testfälle für konkrete Anwendungsbeispiele zu spezifizieren? So können wir dokumentieren, welche Funktionalität tatsächlich gefordert ist, und anschliessend verifizieren, ob die Erwartungen des Kunden erfüllt werden. Das Buch führt mit praktischen Beispielen in die Testgetriebene Entwicklung mit den Open-Source-Werkzeugen JUnit und FIT ein. Aus dem Inhalt: - Unit Tests mit JUnit - Testgetriebene Programmierung - Refactoring - Häufige Integration (CruiseControl u.a.) - Testfälle schreiben von A bis Z - Isoliertes Testen durch Stub- und Mock-Objekte - Akzeptanztests mit FIT (Framework for Integrated Test) "Hr. Westphal has turned his extensive experience in using and teaching developer testing with JUnit and FIT into a thorough and usable guide for programmers and testers, including the first published guide to JUnit 4. What I was most struck by in reading this book was the combination of philosophical background and detailed, practical advice." -- Kent Beck, Three Rivers Institute},
	language = {Deutsch},
	publisher = {dpunkt.verlag GmbH},
	author = {Westphal, Frank},
	year = {2006},
	file = {Westphal_Testgetriebene_Entwicklung.pdf:C\:\\Users\\isabe\\Zotero\\storage\\7SMABZCE\\Westphal_Testgetriebene_Entwicklung.pdf:application/pdf},
}

@book{wolff_spring_2010,
	address = {Heidelberg},
	edition = {3., überarb. u. erw},
	title = {Spring 3: {Framework} für die {Java}-{Entwicklung}},
	isbn = {978-3-89864-572-0},
	shorttitle = {Spring 3},
	abstract = {Spring ist das führende Framework für die Java-SE- und Java-EE-Entwicklung. Es baut auf einfachen Java-Objekten auf und kommt ohne komplexen Infrastrukturcode aus. Dies wird durch Dependency Injection und die Unterstützung aspektorientierter Programmierung erreicht. Spring stellt zudem Vereinfachungen für verschiedene Java-EE-APIs (z.B. JPA und JMS) sowie für Web- und Persistenzframeworks zur Verfügung.Das Buch bietet eine umfassende Einführung in das Spring-Framework und behandelt:- Dependency Injection- Aspektorientierte Programmierung- Transaktionen- Persistenz (JDBC, iBATIS, Hibernate, JPA)- Verteilte Anwendungen (RMI, SOAP, HTTP, EJB, REST)- Spring Web MVC Framework- Integration in Webtechnologien wie JSF- Spring Security- Spring Web Flow- Spring Web ServicesDie 3. Auflage wurde vollständig überarbeitet und auf die Version 3.0 von Spring aktualisiert. Neu sind außerdem die Themen Spring dm Server, Spring Security 3.0, JSR 303 (Validierung), JSR 330 (Dependency Injection) sowie Spring Web Flow 2.0.Der Leser ist nach dem Studium des Buches in der Lage, eigene Anwendungen mit Spring zu entwickeln. Als Vorbild wird im Buch schrittweise eine Beispielanwendung aufgebaut.'... das weltweit erste Buch zu Spring 3.0 final ... bietet einen hervorragenden Einstieg in die verschiedenen Bereiche des Frameworks. ... Auch wenn Sie bereits Erfahrungen mit Spring gesammelt haben, werden Sie in diesem Buch neue Sichtweisen und Anregungen kennen lernen.'Spring-Mitgründer Jürgen Höller im Geleitwort},
	language = {Deutsch},
	publisher = {dpunkt.verlag GmbH},
	author = {Wolff, Eberhard},
	month = feb,
	year = {2010},
}

@book{beck_test_2002,
	address = {Boston},
	edition = {1},
	title = {Test {Driven} {Development}: {By} {Example}},
	isbn = {0-321-14653-3},
	shorttitle = {Test {Driven} {Development}},
	abstract = {Quite simply, test-driven development is meant to eliminate fear in application development. While some fear is healthy (often viewed as a conscience that tells programmers to "be careful!"), the author believes that byproducts of fear include tentative, grumpy, and uncommunicative programmers who are unable to absorb constructive criticism. When programming teams buy into TDD, they immediately see positive results. They eliminate the fear involved in their jobs, and are better equipped to tackle the difficult challenges that face them. TDD eliminates tentative traits, it teaches programmers to communicate, and it encourages team members to seek out criticism However, even the author admits that grumpiness must be worked out individually! In short, the premise behind TDD is that code should be continually tested and refactored. Kent Beck teaches programmers by example, so they can painlessly and dramatically increase the quality of their work.},
	language = {Englisch},
	publisher = {Addison-Wesley Professional},
	author = {Beck, Kent},
	month = nov,
	year = {2002},
}

@book{tamm_junit-profiwissen_2013,
	address = {Heidelberg},
	edition = {1., Auflage},
	title = {{JUnit}-{Profiwissen}: {Effizientes} {Arbeiten} mit der {Standardbibliothek} für automatische {Tests} in {Java}},
	isbn = {978-3-86490-020-4},
	shorttitle = {{JUnit}-{Profiwissen}},
	abstract = {JUnit ist die Standardbibliothek zum Schreiben automatisierter Tests in Java.   Dieses Buch enthält Grundlagen- und Expertenwissen für das effiziente Entwickeln automatisierter Tests in Java mit JUnit. Es vermittelt einen kompakten Überblick über alle Features von JUnit 3.8.1 bis JUnit 4.11 und zeigt anhand von Beispielen aus Tests bekannter Open-Source-Projekte, wann Sie diese sinnvoll einsetzen können. Darüber hinaus behandelt der Autor Open-Source-Bibliotheken wie Mockito und FEST, die das Schreiben von JUnit-Tests erleichtern, und verdeutlicht Programmierregeln für das Schreiben richtig »guter« Tests. Im Einzelnen werden behandelt:   - Testgetriebene Entwicklung  - Assertion-Bibliotheken  - Unit-Tests mit Mock-Objekten  - Programmieren gut verständlicher Tests  - Programmieren schneller Tests  - Tests abseits vom Happy Path  - Nichtfunktionale Tests   Abgerundet wird das Buch durch Hinweise und Tipps, wie Sie JUnit effektiv zusammen mit den bekannten Java-IDEs Eclipse und IntelliJ IDEA sowie mit den Build-Tools Ant und Maven einsetzen können.},
	language = {Deutsch},
	publisher = {dpunkt.verlag GmbH},
	author = {Tamm, Michael},
	month = oct,
	year = {2013},
}

@book{spillner_basiswissen_2012,
	address = {Heidelberg},
	edition = {5., überarbeitete und aktualisierte Edition},
	title = {Basiswissen {Softwaretest}: {Aus}- und {Weiterbildung} zum {Certified} {Tester} – {Foundation} {Level} nach {ISTQB}-{Standard}},
	isbn = {978-3-86490-024-2},
	shorttitle = {Basiswissen {Softwaretest}},
	abstract = {Professionelles Prüfen und Testen von Software wird zu einer immer wichtigeren Aufgabe, die eine fundierte Ausbildung erfordert. Mit dem 'Certified-Tester'-Programm existiert ein international standardisiertes Aus- und Weiterbildungsschema für Softwaretester.  Dieses Buch umfasst den benötigten Stoff zum Ablegen der Prüfung Certified Tester (Foundation Level) nach ISTQB-Standard. Es vermittelt das nötige Grundlagenwissen und verwendet dabei ein durchgängiges Beispiel. Die wichtigsten Methoden zum Testen von Software und zum Prüfen der während der Softwareentwicklung verwendeten und erstellten Dokumente werden ausführlich behandelt.  Aus dem Inhalt:  - Grundlagen des Softwaretestens - Testen im Softwarelebenszyklus - Statischer Test - Dynamischer Test - Testmanagement - Testwerkzeuge Über das in diesem Buch vermittelte Basiswissen sollten Tester sowie Softwareentwickler und Programmierer verfügen. Das Buch ist so aufbereitet, dass es auch für das Selbststudium geeignet ist.  Die 5. Auflage wurde überarbeitet und ist konform zum ISTQB-Lehrplan Version 2011. Abgedeckt wird damit auch der entsprechende deutschsprachige Foundation-Level- Lehrplan des German Testing Board, des Austrian Testing Board und des Swiss Testing Board.},
	language = {Deutsch},
	publisher = {dpunkt.verlag GmbH},
	author = {Spillner, Andreas and Linz, Tilo},
	month = sep,
	year = {2012},
}


@misc{nielsen_10_nodate,
	title = {10 {Usability} {Heuristics} for {User} {Interface} {Design}},
	url = {https://www.nngroup.com/articles/ten-usability-heuristics/},
	abstract = {Jakob Nielsen's 10 general principles for interaction design. They are called "heuristics" because they are broad rules of thumb and not specific usability guidelines.},
	language = {en},
	urldate = {2024-06-01},
	journal = {Nielsen Norman Group},
	author = {Nielsen, Jakob},
	file = {Snapshot:C\:\\Users\\isabe\\Zotero\\storage\\NSGXLT5Z\\ten-usability-heuristics.html:text/html},
}

@misc{noauthor_mysql_nodate,
	title = {{MySQL} :: {MySQL} {Community} {Edition}},
	url = {https://www.mysql.com/products/community/},
	urldate = {2024-06-23},
	file = {MySQL \:\: MySQL Community Edition:C\:\\Users\\isabe\\Zotero\\storage\\PNYTSVTI\\community.html:text/html},
}

@misc{noauthor_was_2022,
	title = {Was ist {MySQL}? {\textbar} {Data} {Basecamp}},
	shorttitle = {Was ist {MySQL}?},
	url = {https://databasecamp.de/daten/mysql},
	abstract = {Lernen Sie Datenbankmanagement, Abfragen und Optimierung. Verbessern Sie Ihre Datenkenntnisse mit unserem umfassenden MySQL-Artikel.},
	language = {de-DE},
	urldate = {2024-06-23},
	month = mar,
	year = {2022},
	note = {Section: Daten},
	file = {Snapshot:C\:\\Users\\isabe\\Zotero\\storage\\4AB2WKQX\\mysql.html:text/html},
}

@misc{noauthor_philippabeletdd--java_nodate,
	title = {philippabele/tdd-with-java},
	url = {https://github.com/philippabele/tdd-with-java},
	urldate = {2024-06-23},
	file = {philippabele/tdd-with-java:C\:\\Users\\isabe\\Zotero\\storage\\6PDQFKUH\\tdd-with-java.html:text/html},
}

@misc{noauthor_xampp_nodate,
	title = {{XAMPP} {Installers} and {Downloads} for {Apache} {Friends}},
	url = {https://www.apachefriends.org/de/index.html},
	urldate = {2024-06-23},
	file = {XAMPP Installers and Downloads for Apache Friends:C\:\\Users\\isabe\\Zotero\\storage\\I6SHH5DP\\index.html:text/html},
}

@misc{noauthor_intellij_nodate,
	title = {{IntelliJ} {IDEA} – die führende {Java}- und {Kotlin}-{IDE}},
	url = {https://www.jetbrains.com/de-de/idea/},
	abstract = {IntelliJ IDEA ist ganz klar die Top-IDE für Softwareentwickler. It makes Java and Kotlin development a more productive and enjoyable experience.},
	language = {de},
	urldate = {2024-06-23},
	journal = {JetBrains},
	file = {Snapshot:C\:\\Users\\isabe\\Zotero\\storage\\PHNQNKBT\\idea.html:text/html},
}

@misc{noauthor_maven_nodate,
	title = {Maven – {Welcome} to {Apache} {Maven}},
	url = {https://maven.apache.org/},
	urldate = {2024-06-23},
	file = {Maven – Welcome to Apache Maven:C\:\\Users\\isabe\\Zotero\\storage\\IWAYZM5C\\maven.apache.org.html:text/html},
}

@misc{noauthor_build_2024,
	title = {Build software better, together},
	url = {https://github.com},
	abstract = {GitHub is where people build software. More than 100 million people use GitHub to discover, fork, and contribute to over 420 million projects.},
	language = {en},
	urldate = {2024-06-23},
	journal = {GitHub},
	year = {2024},
	file = {Snapshot:C\:\\Users\\isabe\\Zotero\\storage\\K73VFW77\\about.html:text/html},
}

@misc{noauthor_vuejs_nodate,
	title = {Vue.js},
	url = {https://vuejs.org/},
	abstract = {Vue.js - The Progressive JavaScript Framework},
	language = {en-US},
	urldate = {2024-06-23},
	file = {Snapshot:C\:\\Users\\isabe\\Zotero\\storage\\FCGSW7SP\\vuejs.org.html:text/html},
}

@misc{noauthor_vuejs_nodate-1,
	title = {Vue.js},
	url = {https://vuejs.org/},
	abstract = {Vue.js - The Progressive JavaScript Framework},
	language = {en-US},
	urldate = {2024-06-23},
	file = {Snapshot:C\:\\Users\\isabe\\Zotero\\storage\\V6RUTF3R\\reactivity-fundamentals.html:text/html},
}

@misc{noauthor_vuejs_nodate-2,
	title = {Vue.js},
	url = {https://vuejs.org/},
	abstract = {Vue.js - The Progressive JavaScript Framework},
	language = {en-US},
	urldate = {2024-06-23},
	file = {Snapshot:C\:\\Users\\isabe\\Zotero\\storage\\WEZAKY9X\\community-guide.html:text/html},
}


